<record><leader>00000cas a22000007a 4500</leader><controlfield tag="001">28949724</controlfield><controlfield tag="008">931006d18931uuumoumr ne      0    0eng d</controlfield><datafield ind1=" " ind2=" " tag="010"><subfield code="a">sn 93060078 </subfield></datafield><datafield ind1=" " ind2=" " tag="040"><subfield code="a">MQN</subfield><subfield code="b">eng</subfield><subfield code="c">MQN</subfield><subfield code="d">OCLCQ</subfield></datafield><datafield ind1=" " ind2=" " tag="042"><subfield code="a">msc</subfield></datafield><datafield ind1="0" ind2=" " tag="130"><subfield code="a">Trident (Maryville, Mo.)</subfield></datafield><datafield ind1="1" ind2="4" tag="245"><subfield code="a">The Trident.</subfield></datafield><datafield ind1=" " ind2=" " tag="260"><subfield code="a">Maryville, Mo. :</subfield><subfield code="b">Literary Union of the Maryville Seminary</subfield></datafield><datafield ind1=" " ind2=" " tag="300"><subfield code="a">v.</subfield></datafield><datafield ind1=" " ind2=" " tag="310"><subfield code="a">Monthly</subfield></datafield><datafield ind1=" " ind2=" " tag="588"><subfield code="a">Description based on: Vol. 1, no. 6 (June 3, 1893).</subfield></datafield><datafield ind1="2" ind2=" " tag="710"><subfield code="a">Maryville Seminary (Maryville, Mo.)</subfield></datafield><datafield ind1=" " ind2=" " tag="752"><subfield code="a">United States</subfield><subfield code="b">Missouri</subfield><subfield code="c">Nodaway</subfield><subfield code="d">Maryville.</subfield></datafield><datafield ind1="1" ind2=" " tag="029"><subfield code="a">AU@</subfield><subfield code="b">000025859916</subfield></datafield></record>